@article{medan2017reduced,
  title={Reduced-dose imageless needle and patient tracking in interventional {CT} procedures},
  author={Medan, Guy and Joskowicz, Leo},
  journal={IEEE transactions on medical imaging},
  volume={36},
  number={12},
  pages={2449--2456},
  year={2017},
  publisher={IEEE}
}

@article{shamul2017radon,
  title={Radon space dose optimization in repeat {CT} scanning},
  author={Shamul, Naomi and Joskowicz, Leo},
  journal={IEEE transactions on medical imaging},
  volume={36},
  number={12},
  pages={2436--2448},
  year={2017},
  publisher={IEEE}
}

@article{goo2017dual,
  title={Dual-energy {CT}: new horizon in medical imaging},
  author={Goo, Hyun Woo and Goo, Jin Mo},
  journal={Korean journal of radiology},
  volume={18},
  number={4},
  pages={555--569},
  year={2017}
}


@article{medan2017reduced,
  title={Reduced-dose imageless needle and patient tracking in interventional {CT} procedures},
  author={Medan, G and Joskowicz, L},
  journal={IEEE transactions on medical imaging},
  volume={36},
  number={12},
  pages={2449--2456},
  year={2017},
  publisher={IEEE}
}

@article{medan2017sparse,
  title={Sparse {3D} {R}adon space rigid registration of {CT} scans: Method and validation study},
  author={Medan, Guy and Shamul, N and Joskowicz, Leo},
  journal={IEEE transactions on medical imaging},
  volume={36},
  number={2},
  pages={497--506},
  year={2017},
  publisher={IEEE}
}

@inproceedings{huo2015shape,
  title={Shape reconstruction and attitude estimation of bevel-tip needle via {CT}-guidance},
  author={Huo, Benyan and Zhao, Xingang and Han, Jianda and Xu, Weiliang},
  booktitle={Robotics and Biomimetics (ROBIO), 2015 IEEE International Conference on},
  pages={620--625},
  year={2015},
  organization={IEEE}
}

@inproceedings{wu2013automatic,
  title={Automatic Steering of Manually Inserted Needles},
  author={Wu, Guofan and Li, Xiao and Lehocky, Craig A and Riviere, Cameron N},
  booktitle={Systems, Man, and Cybernetics (SMC), 2013 IEEE International Conference on},
  pages={1488--1493},
  year={2013},
  organization={IEEE}
}

@article{engh2010percutaneous,
  title={Percutaneous intracerebral navigation by duty-cycled spinning of flexible bevel-tipped needles},
  author={Engh, Johnathan A and Minhas, Davneet S and Kondziolka, Douglas and Riviere, Cameron N},
  journal={Neurosurgery},
  volume={67},
  number={4},
  pages={1117--1123},
  year={2010},
  publisher={Oxford University Press}
}

@article
{yaniv2010needle,
  title={Needle-based interventions with the image-guided surgery toolkit ({IGSTK}): From phantoms to clinical trials},
  author={Yaniv, Ziv and Cheng, Patrick and Wilson, Emmanuel and Popa, Teo and Lindisch, David and Campos-Nanez, Enrique and Abeledo, Hernan and Watson, Vance and Cleary, Kevin and Banovac, Filip},
  journal={IEEE Transactions on Biomedical Engineering},
  volume={57},
  number={4},
  pages={922--933},
  year={2010},
  publisher={IEEE}
}

@article{ben2018robotic,
  title={Evaluation of a {CT}-Guided Robotic System for Precise Percutaneous Needle Insertion},
  author={Ben-David, Eliel and Shochat, Moran and Roth, Ido and Nissenbaum, Isaac and Sosna, Jacob and Goldberg, S Nahum},
  journal={Journal of Vascular and Interventional Radiology},
  year={2018},
  publisher={Elsevier}
}


@article{sheafor2000comparison,
  title={Comparison of sonographic and {CT} guidance techniques: does {CT} fluoroscopy decrease procedure time?},
  author={Sheafor, Douglas H and Paulson, Erik K and Kliewer, Mark A and DeLong, David M and Nelson, Rendon C},
  journal={American journal of roentgenology},
  volume={174},
  number={4},
  pages={939--942},
  year={2000},
  publisher={Am Roentgen Ray Soc}
}

@inproceedings{vrooijink2013real,
  title={Real-time three-dimensional flexible needle tracking using two-dimensional ultrasound},
  author={Vrooijink, Gustaaf J and Abayazid, Momen and Misra, Sarthak},
  booktitle={Robotics and Automation (ICRA), 2013 IEEE International Conference on},
  pages={1688--1693},
  year={2013},
  organization={IEEE}
}

@article{marinetto2017integration,
  title={Integration of free-hand {3D} ultrasound and mobile {C}-arm cone-beam {CT}: Feasibility and characterization for real-time guidance of needle insertion},
  author={Marinetto, E and Uneri, A and De Silva, T and Reaungamornrat, S and Zbijewski, W and Sisniega, A and Vogt, S and Kleinszig, G and Pascau, J and Siewerdsen, JH},
  journal={Computerized Medical Imaging and Graphics},
  volume={58},
  pages={13--22},
  year={2017},
  publisher={Elsevier}
}

@article{orth2008cbct,
  title={C-arm cone-beam {CT}: general principles and technical considerations for use in interventional radiology},
  author={Orth, Robert C and Wallace, Michael J and Kuo, Michael D and Technology Assessment Committee of the Society of Interventional Radiology and others},
  journal={Journal of Vascular and Interventional Radiology},
  volume={19},
  number={6},
  pages={814--820},
  year={2008},
  publisher={Elsevier}
}

@article{floridi2014cbct,
  title={C-arm cone-beam computed tomography in interventional oncology: technical aspects and clinical applications},
  author={Floridi, Chiara and Radaelli, Alessandro and Abi-Jaoudeh, Nadine and Grass, Micheal and De Lin, Ming and Chiaradia, Melanie and Geschwind, Jean-Francois and Kobeiter, Hishman and Squillaci, Ettore and Maleux, Geert and others},
  journal={La radiologia medica},
  volume={119},
  number={7},
  pages={521--532},
  year={2014},
  publisher={Springer}
}

@incollection{gupta2014ct,
  title={CT-guided interventions: current practice and future directions},
  author={Gupta, Rajiv and Walsh, Conor and Wang, Irene S and Kachelrie{\ss}, Marc and Kuntz, Jan and Bartling, S{\"o}nke},
  booktitle={Intraoperative Imaging and Image-Guided Therapy},
  pages={173--191},
  year={2014},
  publisher={Springer}
}

@article{mettler2000ct,
  title={{CT} scanning: patterns of use and dose},
  author={Mettler Jr, Fred A and Wiest, Philip W and Locken, Julie A and Kelsey, Charles A},
  journal={Journal of radiological Protection},
  volume={20},
  number={4},
  pages={353},
  year={2000},
  publisher={IOP Publishing}
}

@article{davies2011risks,
  title={Risks of exposure to radiological imaging and how to minimise them},
  author={Davies, HE and Wathen, CG and Gleeson, FV},
  journal={BMJ},
  volume={342},
  number={7797},
  pages={589--593},
  year={2011},
  publisher={British Medical Association}
}

@article{smith2015ct,
  title={{CT} Radiation and the Risk of Cancer},
  author={Smith-Bindman, Rebecca},
  journal={Current Radiology Reports},
  volume={3},
  number={2},
  pages={3},
  year={2015},
  publisher={Springer}
}

@article{chodick2007excess,
  title={Excess lifetime cancer mortality risk attributable to radiation exposure from computed tomography examinations in children},
  author={Chodick, Gabriel and Ronckers, Cecile M and Shalev, Varda and Ron, Elaine and others},
  journal={IMAJ-RAMAT GAN-},
  volume={9},
  number={8},
  pages={584},
  year={2007}
}

@article{hall2008cancer,
  title={Cancer risks from diagnostic radiology},
  author={Hall, EJ and Brenner, DJ},
  journal={The British journal of radiology},
  volume={81},
  number={965},
  pages={362--378},
  year={2008},
  publisher={British Institute of Radiology}
}

@article{kalra2004strategies,
  title={Strategies for {CT} radiation dose optimization},
  author={Kalra, Mannudeep K and Maher, Michael M and Toth, Thomas L and Hamberg, Leena M and Blake, Michael A and Shepard, Jo-Anne and Saini, Sanjay},
  journal={Radiology},
  volume={230},
  number={3},
  pages={619--628},
  year={2004},
  publisher={Radiological Society of North America}
}

@article{semelka2007imaging,
  title={Imaging strategies to reduce the risk of radiation in {CT} studies, including selective substitution with {MRI}},
  author={Semelka, Richard C and Armao, Diane M and Elias, Jorge and Huda, Walter},
  journal={Journal of Magnetic Resonance Imaging: An Official Journal of the International Society for Magnetic Resonance in Medicine},
  volume={25},
  number={5},
  pages={900--909},
  year={2007},
  publisher={Wiley Online Library}
}

@article{baumann2011patient,
  title={Patient perceptions of computed tomographic imaging and their understanding of radiation risk and exposure},
  author={Baumann, Brigitte M and Chen, Esther H and Mills, Angela M and Glaspey, Lindsey and Thompson, Nicole M and Jones, Molly K and Farner, Michael C},
  journal={Annals of emergency medicine},
  volume={58},
  number={1},
  pages={1--7},
  year={2011},
  publisher={Elsevier}
}

@article{newman2011alara,
  title={{ALARA} (As low as reasonably achievable) {CT} 2011 executive summary},
  author={Newman, Beverley and Callahan, Michael J},
  journal={Pediatric radiology},
  volume={41},
  number={2},
  pages={453},
  year={2011},
  publisher={Springer}
}

@article{shtok2013learned,
  title={Learned shrinkage approach for low-dose reconstruction in computed tomography},
  author={Shtok, Joseph and Elad, Michael and Zibulevsky, Michael},
  journal={Journal of Biomedical Imaging},
  volume={2013},
  pages={7},
  year={2013},
  publisher={Hindawi Publishing Corp.}
}

@inproceedings{moore2009adaptive,
  title={Adaptive {CT} for high-resolution, controlled-dose, region-of-interest imaging},
  author={Moore, Jared W and Barrett, Harrison H and Furenlid, Lars R},
  booktitle={Nuclear Science Symposium Conference Record (NSS/MIC), 2009 IEEE},
  pages={5154--5157},
  year={2009},
  organization={IEEE}
}

@article{xu2012efficientprior,
  title={Efficient low-dose {CT} artifact mitigation using an artifact-matched prior scan},
  author={Xu, Wei and Mueller, Klaus},
  journal={Medical physics},
  volume={39},
  number={8},
  pages={4748--4760},
  year={2012},
  publisher={Wiley Online Library}
}

@article{kondo2007mdct,
  title={{MDCT} of the pancreas: optimizing scanning delay with a bolus-tracking technique for pancreatic, peripancreatic vascular, and hepatic contrast enhancement},
  author={Kondo, Hiroshi and Kanematsu, Masayuki and Goshima, Satoshi and Miyoshi, Toshiharu and Shiratori, Yoshimune and Onozuka, Minoru and Moriyama, Noriyuki and Bae, Kyongtae T},
  journal={American Journal of Roentgenology},
  volume={188},
  number={3},
  pages={751--756},
  year={2007},
  publisher={Am Roentgen Ray Soc}
}

@article{zhao2009evaluating,
  title={Evaluating variability in tumor measurements from same-day repeat {CT} scans of patients with non--small cell lung cancer},
  author={Zhao, Binsheng and James, Leonard P and Moskowitz, Chaya S and Guo, Pingzhen and Ginsberg, Michelle S and Lefkowitz, Robert A and Qin, Yilin and Riely, Gregory J and Kris, Mark G and Schwartz, Lawrence H},
  journal={Radiology},
  volume={252},
  number={1},
  pages={263--272},
  year={2009},
  publisher={Radiological Society of North America, Inc.}
}

@article{thomas2010scheduled,
  title={Scheduled repeat {CT} scanning for traumatic brain injury remains important in assessing head injury progression},
  author={Thomas, Bradley W and Mejia, Vicente A and Maxwell, Robert A and Dart, Benjamin W and Smith, Philip W and Gallagher, Michael R and Claar, Sean C and Greer, Stephen H and Barker, Donald E},
  journal={Journal of the American College of Surgeons},
  volume={210},
  number={5},
  pages={824--830},
  year={2010},
  publisher={Elsevier}
}

@article{hansen2006repeat,
  title={Repeat {CT} imaging and replanning during the course of {IMRT} for head-and-neck cancer},
  author={Hansen, Eric K and Bucci, M Kara and Quivey, Jeanne M and Weinberg, Vivian and Xia, Ping},
  journal={International Journal of Radiation Oncology* Biology* Physics},
  volume={64},
  number={2},
  pages={355--362},
  year={2006},
  publisher={Elsevier}
}

@article{desjardins2004ecg,
  title={{ECG}-gated cardiac {CT}},
  author={Desjardins, Benoit and Kazerooni, Ella A},
  journal={American Journal of Roentgenology},
  volume={182},
  number={4},
  pages={993--1010},
  year={2004},
  publisher={Am Roentgen Ray Soc}
}


@article{chen2017low,
  title={Low-dose {CT} with a residual encoder-decoder convolutional neural network},
  author={Chen, Hu and Zhang, Yi and Kalra, Mannudeep K and Lin, Feng and Chen, Yang and Liao, Peixi and Zhou, Jiliu and Wang, Ge},
  journal={IEEE transactions on medical imaging},
  volume={36},
  number={12},
  pages={2524--2535},
  year={2017},
  publisher={IEEE}
}

@misc{dafni2013methods,
  title={Methods, circuits, devices, apparatus, assemblies and systems for computer tomography},
  author={Dafni, Ehud},
  year={2013},
  month=may # "~28",
  publisher={Google Patents},
  note={US Patent 8,451,972}
}

@article{donnelly2005reducing,
  title={Reducing radiation dose associated with pediatric {CT} by decreasing unnecessary examinations},
  author={Donnelly, Lane F},
  journal={American Journal of Roentgenology},
  volume={184},
  number={2},
  pages={655--657},
  year={2005},
  publisher={Am Roentgen Ray Soc}
}

@article{kalra2004techniques,
  title={Techniques and applications of automatic tube current modulation for {CT}},
  author={Kalra, Mannudeep K and Maher, Michael M and Toth, Thomas L and Schmidt, Bernhard and Westerman, Bryan L and Morgan, Hugh T and Saini, Sanjay},
  journal={Radiology},
  volume={233},
  number={3},
  pages={649--657},
  year={2004},
  publisher={Radiological Society of North America}
}

@article{mackie2006history,
  title={History of tomotherapy},
  author={Mackie, Thomas Rockwell},
  journal={Physics in Medicine \& Biology},
  volume={51},
  number={13},
  pages={R427},
  year={2006},
  publisher={IOP Publishing}
}

@article{zhang2016statistical,
  title={Statistical iterative reconstruction using adaptive fractional order regularization},
  author={Zhang, Yi and Wang, Yan and Zhang, Weihua and Lin, Feng and Pu, Yifei and Zhou, Jiliu},
  journal={Biomedical optics express},
  volume={7},
  number={3},
  pages={1015--1029},
  year={2016},
  publisher={Optical Society of America}
}

@article{boas2012ctartifacts,
  title={{CT} artifacts: causes and reduction techniques},
  author={Boas, F Edward and Fleischmann, Dominik},
  journal={Imaging Med},
  volume={4},
  number={2},
  pages={229--240},
  year={2012}
}

@article{kim2015sparseview,
  title={Sparse-view spectral {CT} reconstruction using spectral patch-based low-rank penalty},
  author={Kim, Kyungsang and Ye, Jong Chul and Worstell, William and Ouyang, Jinsong and Rakvongthai, Yothin and El Fakhri, Georges and Li, Quanzheng},
  journal={IEEE transactions on medical imaging},
  volume={34},
  number={3},
  pages={748--760},
  year={2015},
  publisher={IEEE}
}

@article{niu2014sparse,
  title={Sparse-view x-ray {CT} reconstruction via total generalized variation regularization},
  author={Niu, Shanzhou and Gao, Yang and Bian, Zhaoying and Huang, Jing and Chen, Wufan and Yu, Gaohang and Liang, Zhengrong and Ma, Jianhua},
  journal={Physics in Medicine \& Biology},
  volume={59},
  number={12},
  pages={2997},
  year={2014},
  publisher={IOP Publishing}
}

@article{liu2014total,
  title={Total Variation-Stokes Strategy for Sparse-View X-ray {CT} Image Reconstruction},
  author={Liu, Yan and Liang, Zhengrong and Ma, Jianhua and Lu, Hongbing and Wang, Ke and Zhang, Hao and Moore, William},
  journal={IEEE Transactions on Medical Imaging},
  volume={33},
  number={3},
  pages={749--763},
  year={2014},
  publisher={IEEE}
}

@article{manduca2009projection,
  title={Projection space denoising with bilateral filtering and {CT} noise modeling for dose reduction in {CT}},
  author={Manduca, Armando and Yu, Lifeng and Trzasko, Joshua D and Khaylova, Natalia and Kofler, James M and McCollough, Cynthia M and Fletcher, Joel G},
  journal={Medical physics},
  volume={36},
  number={11},
  pages={4911--4919},
  year={2009},
  publisher={Wiley Online Library}
}

@misc{viergever2016survey,
  title={A survey of medical image registration--under review},
  author={Viergever, Max A and Maintz, JB Antoine and Klein, Stefan and Murphy, Keelin and Staring, Marius and Pluim, Josien PW},
  year={2016},
  publisher={Elsevier}
}

@article{maintz1998survey,
  title={A survey of medical image registration},
  author={Maintz, JB Antoine and Viergever, Max A},
  journal={Medical image analysis},
  volume={2},
  number={1},
  pages={1--36},
  year={1998},
  publisher={Elsevier}
}

@article{markelj2012review,
  title={A review of {3D/2D} registration methods for image-guided interventions},
  author={Markelj, Primoz and Toma{\v{z}}evi{\v{c}}, Dejan and Likar, Bostjan and Pernu{\v{s}}, Franjo},
  journal={Medical image analysis},
  volume={16},
  number={3},
  pages={642--661},
  year={2012},
  publisher={Elsevier}
}

@inproceedings{khamene2006novel,
  title={A novel projection based approach for medical image registration},
  author={Khamene, Ali and Chisu, Razvan and Wein, Wolfgang and Navab, Nassir and Sauer, Frank},
  booktitle={International Workshop on Biomedical Image Registration},
  pages={247--256},
  year={2006},
  organization={Springer}
}

@inproceedings{freiman2011spectral,
  title={Spectral-based 2{D}/3{D} X-ray to {CT} image rigid registration},
  author={Freiman, Moti and Pele, Ofir and Hurvitz, Aviv and Werman, M and Joskowicz, Leo},
  booktitle={Medical Imaging 2011: Visualization, Image-Guided Procedures, and Modeling},
  volume={7964},
  pages={79641B},
  year={2011},
  organization={International Society for Optics and Photonics}
}

@article{mao2007ct,
  title={{CT} image registration in sinogram space},
  author={Mao, Weihua and Li, Tianfang and Wink, Nicole and Xing, Lei},
  journal={Medical physics},
  volume={34},
  number={9},
  pages={3596--3602},
  year={2007},
  publisher={Wiley Online Library}
}

@article{mooser2013estimation,
  title={Estimation of affine transformations directly from tomographic projections in two and three dimensions},
  author={Mooser, Ren{\'e} and Forsberg, Fredrik and Hack, Erwin and Sz{\'e}kely, G{\'a}bor and Sennhauser, Urs},
  journal={Machine vision and applications},
  volume={24},
  number={2},
  pages={419--434},
  year={2013},
  publisher={Springer}
}

@inproceedings{you1998image,
  title={Image matching for translation, rotation and uniform scaling by the {Radon} transform},
  author={You, Jiangsheng and Lu, Weiguo and Li, Jian and Gindi, Gene and Liang, Zhengrong},
  booktitle={Image Processing, 1998. ICIP 98. Proceedings. 1998 International Conference on},
  volume={1},
  pages={847--851},
  year={1998},
  organization={IEEE}
}

@article{lu1999image,
  title={Image/patient registration from (partial) projection data by the Fourier phase matching method},
  author={Lu, Weiguo and Fitchard, EE and Olivera, GH and You, J and Ruchala, KJ and Aldridge, JS and Mackie, TR},
  journal={Physics in Medicine \& Biology},
  volume={44},
  number={8},
  pages={2029},
  year={1999},
  publisher={IOP Publishing}
}

@article{fitchard1998registration,
  title={Registration of synthetic tomographic projection data sets using cross-correlation},
  author={Fitchard, EE and Aldridge, JS and Reckwerdt, PJ and Mackie, TR},
  journal={Physics in Medicine \& Biology},
  volume={43},
  number={6},
  pages={1645},
  year={1998},
  publisher={IOP Publishing}
}

@article{fitchard1999six,
  title={Six parameter patient registration directly from projection data},
  author={Fitchard, EE and Aldridge, JS and Reckwerdt, PJ and Olivera, GH and Mackie, TR and Iosevich, A},
  journal={Nuclear Instruments and Methods in Physics Research Section A: Accelerators, Spectrometers, Detectors and Associated Equipment},
  volume={421},
  number={1-2},
  pages={342--351},
  year={1999},
  publisher={Elsevier}
}

@inproceedings{wein2011detecting,
  title={Detecting patient motion in projection space for cone-beam computed tomography},
  author={Wein, Wolfgang and Ladikos, Alexander},
  booktitle={International Conference on Medical Image Computing and Computer-Assisted Intervention},
  pages={516--523},
  year={2011},
  organization={Springer}
}

@inproceedings{aichert2014redundancies,
  title={Redundancies in X-ray images due to the epipolar geometry for transmission imaging},
  author={Aichert, Andr{\'e} and Maass, Nicole and Deuerling-Zheng, Yu and Berger, Martin and Manhart, Michael and Hornegger, Joachim and Maier, Andreas K and Doerfler, Arnd},
  booktitle={Third CT Meeting},
  pages={333--337},
  year={2014}
}

@article{aichert2015epipolar,
  title={Epipolar consistency in transmission imaging},
  author={Aichert, Andr{\'e} and Berger, Martin and Wang, Jian and Maass, Nicole and Doerfler, Arnd and Hornegger, Joachim and Maier, Andreas K},
  journal={IEEE transactions on medical imaging},
  volume={34},
  number={11},
  pages={2205--2219},
  year={2015},
  publisher={IEEE}
}


@article{zhang2014few,
  title={Few-view cone-beam {CT} reconstruction with deformed prior image},
  author={Zhang, Hua and Ouyang, Luo and Huang, Jing and Ma, Jianhua and Chen, Wufan and Wang, Jing},
  journal={Medical physics},
  volume={41},
  number={12},
  year={2014},
  publisher={Wiley Online Library}
}

@inproceedings{debbeler2013new,
  title={A new {CT} rawdata redundancy measure applied to automated misalignment correction},
  author={Debbeler, Christina and Maass, Nicole and Elter, Matthias and Dennerlein, Frank and Buzug, Thorsten M},
  booktitle={Proceedings of the 12th international meeting on fully three-dimensional image reconstruction in radiology and nuclear medicine, edited by Richard Leahy and Jinyi Qi},
  pages={264--267},
  year={2013}
}

@article{nacereddine2015similarity,
  title={Similarity transformation parameters recovery based on {Radon} transform. Application in image registration and object recognition},
  author={Nacereddine, Nafaa and Tabbone, Salvatore and Ziou, Djemel},
  journal={Pattern Recognition},
  volume={48},
  number={7},
  pages={2227--2240},
  year={2015},
  publisher={Elsevier}
}

@article{wan2010fast,
  title={A fast algorithm for recognizing translated, rotated, reflected, and scaled objects from only their projections},
  author={Wan, Yi and Wei, Ning},
  journal={IEEE Signal Processing Letters},
  volume={17},
  number={1},
  pages={71--74},
  year={2010},
  publisher={IEEE}
}

@inproceedings{osorio2007non,
  title={Non-rigid registration of tomographic images with {Fourier} transforms},
  author={Osorio, AR and Isoardi, RA and Mato, G},
  booktitle={Journal of Physics: Conference Series},
  volume={90},
  pages={012058},
  year={2007},
  organization={IOP Publishing}
}

@article{uneri2014evaluation,
  title={Evaluation of low-dose limits in {3D-2D} rigid registration for surgical guidance},
  author={Uneri, A and Wang, AS and Otake, Y and Kleinszig, G and Vogt, S and Khanna, AJ and Gallia, GL and Gokaslan, ZL and Siewerdsen, JH},
  journal={Physics in Medicine \& Biology},
  volume={59},
  number={18},
  pages={5329},
  year={2014},
  publisher={IOP Publishing}
}


@article{walsh2011smaller,
  title={Smaller and deeper lesions increase the number of acquired scan series in computed tomography-guided lung biopsy},
  author={Walsh, Conor J and Sapkota, Bishnu H and Kalra, Mannudeep K and Hanumara, Nevan C and Liu, Bob and Shepard, Jo-Anne O and Gupta, Rajiv},
  journal={Journal of thoracic imaging},
  volume={26},
  number={3},
  pages={196--203},
  year={2011},
  publisher={LWW}
}

@manual{simpliCT,
  title  = {Simpli{CT} - an interventional laser navigation device for use with {CT} },
  author = {NeoRad},
  note   = {$\texttt{http://neorad.no/products\_1/simplict\_for\_ct\_and\_pet\_ct/}$},
  year   = {accessed September 30, 2018}
}

@article{schubert2013ct,
  title={{CT}-guided interventions using a free-hand, optical tracking system: initial clinical experience},
  author={Schubert, Tilman and Jacob, Augustinus L and Pansini, Michele and Liu, David and Gutzeit, Andreas and Kos, Sebastian},
  journal={Cardiovascular and interventional radiology},
  volume={36},
  number={4},
  pages={1055--1062},
  year={2013},
  publisher={Springer}
}

@article{fichtinger2005image,
  title={Image overlay guidance for needle insertion in {CT} scanner},
  author={Fichtinger, Gabor and Deguet, Anton and Massamune, Ken and Balogh, Emese and Fischer, Gregory and Mathieu, Herve and Taylor, Russell and Zinreich, James and Fayad, Laura},
  journal={IEEE transactions on biomedical engineering},
  volume={52},
  number={8},
  pages={1415--1424},
  year={2005}
}

@article{glozman2007image,
  title={Image-guided robotic flexible needle steering},
  author={Glozman, Daniel and Shoham, Moshe},
  journal={IEEE Transactions on Robotics},
  volume={23},
  number={3},
  pages={459--467},
  year={2007},
  publisher={IEEE}
}

@article{ben2018evaluation,
  title={Evaluation of a {CT}-guided robotic system for precise percutaneous needle insertion},
  author={Ben-David, Eliel and Shochat, Moran and Roth, Ido and Nissenbaum, Isaac and Sosna, Jacob and Goldberg, S Nahum},
  journal={Journal of Vascular and Interventional Radiology},
  year={2018},
  publisher={Elsevier}
}

@article{radon1917determination,
  title={On the determination of functions from their integrals along certain manifolds},
  author={Radon, J},
  journal={Ber. Verh, Sachs Akad Wiss.},
  volume={69},
  pages={262--277},
  year={1917}
}

@book{maier2018medical,
  title={Medical Imaging Systems: An Introductory Guide},
  author={Maier, Andreas and Steidl, Stefan and Christlein, Vincent and Hornegger, Joachim},
  volume={11111},
  year={2018},
  publisher={Springer}
}